@article{BergFrie08:sisc,
 author  = {van den Berg, E. and Friedlander, M. P.},
 title   = {Probing the {P}areto frontier for basis pursuit solutions},
 journal = {SIAM Journal on Scientific Computing},
 volume  = 31, number = 2, pages = {890–-912}, year = 2008}

@article{Cond16:mp,
 author  = {L. Condat},
 title   = {Fast projection onto the simplex and the $\ell_1$ ball},
 journal = {Mathematical Programming},
 volume  = {158}, number = {1--2}, pages = {575–-585}, year = 2016}

@book{ConnGoulToin00,
 author    = {A. R. Conn and N. I. M. Gould and  Toint, {\relax Ph}. L.},
 title     = {Trust-{R}egion {M}ethods},
 publisher = {SIAM},
 address   = {Philadelphia},
 year      = 2000}

@article{DaiChen22,
 author    = {Y. Dai and C. Chen},
 title     = {Distributed Projections onto a Simplex},
 journal   = {},
 volume    = {arXiV.2204.08153},
 year      = {2022},
 url       = {https://arxiv.org/abs/2204.08153}}

@article{EstrOrbaSaun19:simaa,
 author  = {R. Estrin and D. Orban and M. A. Saunders},
 title   = {{LSLQ}: An iterative method for linear least squares with an 
            error minimization property},
 journal = {SIAM Journal on Matrix Analysis and Applications},
 volume  = 40, number = 1, pages = {254--275}, year = 2019}

@article{FongSaun11:sisc,
 author  = {D. C.-L. Fong and M. A. Saunders},
 title   = {{LSMR}: An iterative algorithm for sparse least-squares problems},
 journal = {SIAM Journal on Scientific Computing},
 volume  = 33, number = 5, pages = {2950--2971}, year = 2011}

@article{GoulHribNoce01:sisc,
 author  = {N. I. M. Gould and M. E. Hribar and J. Nocedal},
 title   = {On the solution of equality constrained quadratic problems
            arising in optimization},
 journal = {SIAM Journal on Scientific Computing},
 volume  = 23, number = 4, pages = {1375--1394}, year = 2001}

@article{GoulScot17:toms, 
 author  = {N. I. M. Gould and J. A. Scott},
 title   = {The state-of-the-art of preconditioners for sparse linear 
            least-squares problems},
 journal = {ACM Transactions on Mathematical Software},
 volume  = 43, number = 4, note = {Article 36}, year = 2017}

@article{HeldWolfCrow74:mp,
 author  = {M. Held and P. Wolfe and H. P. Crowder},
 title   = {Validation of subgradient optimization},
 journal = {Mathematical Programming},
 volume  = 6, number = 1, pages = {62--88}, year = 1974}

@article{PaigSaun82a:toms,
 author  = {C. C. Paige and M. A. Saunders},
 title   = {{LSQR}: an algorithm for sparse linear equations and sparse
            least squares},
 journal = {ACM Transactions on Mathematical Software},
 volume  = 8, number = 1, pages = {43-71}, year = 1982}

@article{Sart93b,
 author  = {A. Sartenaer},
 title   = {Armijo-type condition for the determination of a
            generalized {C}auchy point in trust region algorithms using
            exact or inexact projections on convex constraints},
 journal  = {Belgian Journal of Operations Research, Statistics and
             Computer Science},
 volume   = 33, number = 4, pages = {61--75}, year = 1993}
